@article{mahanti2019quantum,
  title={Quantum robots can fly; play games: an IBM quantum experience},
  author={Mahanti, Soumik and Das, Santanu and Behera, Bikash K and Panigrahi, Prasanta K},
  journal={Quantum Information Processing},
  howpublished="\url{https://arxiv.org/abs/1905.10968}",
  volume={18},
  number={7},
  pages={1--10},
  year={2019},
  publisher={Springer}
}
